@book{patterson2013computer,
	title={Computer organization and design: the hardware/software interface},
	author={Patterson, David A and Hennessy, John L},
	year={2013},
	publisher={Newnes}
}

@book{hennessy2011computer,
	title={Computer architecture: a quantitative approach},
	author={Hennessy, John L and Patterson, David A},
	year={2011},
	publisher={Elsevier}
}

@book{li2011computer,
	title={Computer Principles and Design in Verilog HDL},
	author={Li, Yamin},
	year={2011},
	publisher={Tsinghua University Press}
}

@book{palnitkar2003verilog,
	title={Verilog HDL: a guide to digital design and synthesis},
	author={Palnitkar, Samir},
	year={2003},
	publisher={Prentice Hall Professional}
}

@book{lei2014computer,
	title={CPU: do it yourself},
	author={Lei, Silei},
	year={2014},
	publisher={Publishing House of Electronics Industry}
}